<record><leader>00000cas a2200000 i 4500</leader><controlfield tag="001">827233954</controlfield><controlfield tag="006">m     o  d        </controlfield><controlfield tag="007">cr |||||||||||</controlfield><controlfield tag="008">130211d1917191ukyuuu ne      0   a0eng  </controlfield><datafield ind1=" " ind2=" " tag="010"><subfield code="a">  2013218546</subfield></datafield><datafield ind1=" " ind2=" " tag="040"><subfield code="a">DLC</subfield><subfield code="b">eng</subfield><subfield code="e">rda</subfield><subfield code="c">DLC</subfield><subfield code="d">DLC</subfield><subfield code="d">OCLCQ</subfield><subfield code="d">DLC</subfield><subfield code="d">OCLCF</subfield><subfield code="d">DLC</subfield></datafield><datafield ind1="0" ind2=" " tag="022"><subfield code="a">2326-6163</subfield><subfield code="2">1</subfield></datafield><datafield ind1=" " ind2=" " tag="042"><subfield code="a">pcc</subfield><subfield code="a">nsdp</subfield></datafield><datafield ind1=" " ind2=" " tag="043"><subfield code="a">n-us-ky</subfield></datafield><datafield ind1="1" ind2="0" tag="050"><subfield code="a">ISSN RECORD</subfield></datafield><datafield ind1="0" ind2="0" tag="082"><subfield code="a">071</subfield><subfield code="2">23</subfield></datafield><datafield ind1="0" ind2=" " tag="130"><subfield code="a">Richmond climax (Richmond, Ky. : 1917 : Online)</subfield></datafield><datafield ind1=" " ind2="4" tag="222"><subfield code="a">The Richmond climax</subfield><subfield code="b">(Richmond, Ky. 1917. Online)</subfield></datafield><datafield ind1="1" ind2="4" tag="245"><subfield code="a">The Richmond climax.</subfield></datafield><datafield ind1="1" ind2="7" tag="246"><subfield code="a">Climax</subfield></datafield><datafield ind1=" " ind2="1" tag="264"><subfield code="a">Richmond, Madison County, Ky. :</subfield><subfield code="b">[publisher not identified]</subfield></datafield><datafield ind1=" " ind2=" " tag="300"><subfield code="a">1 online resource</subfield></datafield><datafield ind1=" " ind2=" " tag="336"><subfield code="a">text</subfield><subfield code="b">txt</subfield><subfield code="2">rdacontent</subfield></datafield><datafield ind1=" " ind2=" " tag="337"><subfield code="a">computer</subfield><subfield code="b">c</subfield><subfield code="2">rdamedia</subfield></datafield><datafield ind1=" " ind2=" " tag="338"><subfield code="a">online resource</subfield><subfield code="b">cr</subfield><subfield code="2">rdacarrier</subfield></datafield><datafield ind1="1" ind2=" " tag="362"><subfield code="a">Began in 1917?</subfield></datafield><datafield ind1=" " ind2=" " tag="530"><subfield code="a">Also issued in print.</subfield></datafield><datafield ind1=" " ind2=" " tag="588"><subfield code="a">Description based on: V. 45, no. 44 (October 31, 1917); title from masthead.</subfield></datafield><datafield ind1=" " ind2=" " tag="588"><subfield code="a">Latest issue consulted: V. 45, no. 44 (October 31, 1917) (Chroniclingamerica.loc.gov, viewed Feb. 11, 2013).</subfield></datafield><datafield ind1=" " ind2="0" tag="651"><subfield code="a">Richmond (Ky.)</subfield><subfield code="v">Newspapers.</subfield></datafield><datafield ind1=" " ind2="0" tag="651"><subfield code="a">Madison County (Ky.)</subfield><subfield code="v">Newspapers.</subfield></datafield><datafield ind1=" " ind2="7" tag="651"><subfield code="a">Kentucky</subfield><subfield code="z">Madison County.</subfield><subfield code="2">fast</subfield><subfield code="0">(OCoLC)fst01207366</subfield></datafield><datafield ind1=" " ind2="7" tag="651"><subfield code="a">Kentucky</subfield><subfield code="z">Richmond.</subfield><subfield code="2">fast</subfield><subfield code="0">(OCoLC)fst01202710</subfield></datafield><datafield ind1=" " ind2="7" tag="655"><subfield code="a">Newspapers.</subfield><subfield code="2">fast</subfield><subfield code="0">(OCoLC)fst01423814</subfield></datafield><datafield ind1=" " ind2=" " tag="752"><subfield code="a">United States</subfield><subfield code="b">Kentucky</subfield><subfield code="c">Madison</subfield><subfield code="d">Richmond.</subfield></datafield><datafield ind1="1" ind2=" " tag="776"><subfield code="t">Richmond climax (Richmond, Ky. : 1917)</subfield><subfield code="x">2326-6147</subfield><subfield code="w">(DLC)sn 86069165</subfield><subfield code="w">(OCoLC)13672106</subfield></datafield><datafield ind1="0" ind2="0" tag="780"><subfield code="t">Climax-Madisonian (Online)</subfield><subfield code="x">2326-1668</subfield><subfield code="w">(DLC)  2013218516</subfield><subfield code="w">(OCoLC)823871275</subfield></datafield><datafield ind1="0" ind2="7" tag="785"><subfield code="t">Kentucky register (Richmond, Ky. : 1907 : Online)</subfield><subfield code="x">2332-4686</subfield><subfield code="w">(DLC)  2013272154</subfield><subfield code="w">(OCoLC)862978892</subfield></datafield><datafield ind1="0" ind2="7" tag="785"><subfield code="t">Richmond daily register (Online)</subfield><subfield code="x">2332-4708</subfield><subfield code="w">(DLC)  2013272155</subfield><subfield code="w">(OCoLC)862979392</subfield></datafield><datafield ind1="4" ind2="1" tag="856"><subfield code="u">http://www.loc.gov/chroniclingamerica/lccn/sn86069165/issues</subfield></datafield><datafield ind1="1" ind2=" " tag="029"><subfield code="a">NZ1</subfield><subfield code="b">14837324</subfield></datafield></record>